<record><leader>00000cas a2200000 a 4500</leader><controlfield tag="001">9669674</controlfield><controlfield tag="008">830705d18271830lauir ne      0    0fre c</controlfield><datafield ind1=" " ind2=" " tag="010"><subfield code="a">sn 83045805 </subfield></datafield><datafield ind1=" " ind2=" " tag="040"><subfield code="a">CRL</subfield><subfield code="b">eng</subfield><subfield code="c">CRL</subfield><subfield code="d">NPW</subfield><subfield code="d">NPX</subfield><subfield code="d">LNP</subfield><subfield code="d">KNP</subfield><subfield code="d">YOX</subfield><subfield code="d">MFN</subfield><subfield code="d">KNP</subfield><subfield code="d">CNK</subfield><subfield code="d">OCL</subfield><subfield code="d">NVF</subfield><subfield code="d">LNP</subfield><subfield code="d">CRL</subfield><subfield code="d">OCLCQ</subfield><subfield code="d">OCLCF</subfield><subfield code="d">IUL</subfield><subfield code="d">OCLCA</subfield></datafield><datafield ind1=" " ind2=" " tag="019"><subfield code="a">733585490</subfield></datafield><datafield ind1="0" ind2=" " tag="041"><subfield code="a">fre</subfield><subfield code="a">eng</subfield><subfield code="a">spa</subfield></datafield><datafield ind1=" " ind2=" " tag="042"><subfield code="a">pcc</subfield></datafield><datafield ind1=" " ind2=" " tag="043"><subfield code="a">n-us-la</subfield></datafield><datafield ind1=" " ind2="4" tag="050"><subfield code="a">AN39.N4</subfield><subfield code="b">A2</subfield></datafield><datafield ind1="0" ind2=" " tag="130"><subfield code="a">Abeille (New Orleans, La.)</subfield></datafield><datafield ind1="1" ind2="2" tag="245"><subfield code="a">L'Abeille.</subfield></datafield><datafield ind1="1" ind2="3" tag="246"><subfield code="a">Bee</subfield></datafield><datafield ind1="1" ind2="3" tag="246"><subfield code="a">Abeja</subfield></datafield><datafield ind1=" " ind2=" " tag="260"><subfield code="a">Nouvelle-Orle&#769;ans [i.e. New Orleans, La.] :</subfield><subfield code="b">F. Delaup,</subfield><subfield code="c">-1830.</subfield></datafield><datafield ind1=" " ind2=" " tag="300"><subfield code="a">4 v.</subfield></datafield><datafield ind1=" " ind2=" " tag="310"><subfield code="a">Three times a week,</subfield><subfield code="b">July 13-Sept. 18, 1830</subfield></datafield><datafield ind1=" " ind2=" " tag="321"><subfield code="a">Frequency varies,</subfield><subfield code="b">Sept. 4,1827-July 10, 1830</subfield></datafield><datafield ind1="1" ind2=" " tag="362"><subfield code="a">Began with Sept. 1, 1827 issue.</subfield></datafield><datafield ind1="0" ind2=" " tag="362"><subfield code="a">-v. 4, no. 8 (18 sept. 1830).</subfield></datafield><datafield ind1=" " ind2=" " tag="500"><subfield code="a">Subtitle: Journal politique, commercial &amp; litte&#769;raire, &lt;1827&gt;.</subfield></datafield><datafield ind1=" " ind2=" " tag="515"><subfield code="a">Suspended with Nov. 28, 1829 issue; resumed with Jan. 1, 1830 issue.</subfield></datafield><datafield ind1=" " ind2=" " tag="530"><subfield code="a">Available on microfilm.</subfield></datafield><datafield ind1=" " ind2=" " tag="546"><subfield code="a">In French, Sept. 1-Nov. 22, 1827. In French and English, Nov. 24, 1827-Aug. 29, 1829, with English text under heading: Bee. In French, English and Spanish, Sept. 1, 1829-1830, with English text under heading: Bee and Spanish text under heading: Abeja.</subfield></datafield><datafield ind1=" " ind2=" " tag="588"><subfield code="a">Description based on: Vol. 1, no. 2 (4 sept. 1827).</subfield></datafield><datafield ind1=" " ind2=" " tag="588"><subfield code="a">Latest issue consulted: v. 4, no. 8 (18 sept. 1830).</subfield></datafield><datafield ind1=" " ind2="0" tag="651"><subfield code="a">New Orleans (La.)</subfield><subfield code="v">Newspapers.</subfield></datafield><datafield ind1=" " ind2="0" tag="650"><subfield code="a">French Americans</subfield><subfield code="z">Louisiana</subfield><subfield code="z">New Orleans</subfield><subfield code="v">Newspapers.</subfield></datafield><datafield ind1=" " ind2="0" tag="650"><subfield code="a">Spanish Americans</subfield><subfield code="z">Louisiana</subfield><subfield code="z">New Orleans</subfield><subfield code="v">Newspapers.</subfield></datafield><datafield ind1=" " ind2="7" tag="650"><subfield code="a">French Americans.</subfield><subfield code="2">fast</subfield><subfield code="0">(OCoLC)fst00934236</subfield></datafield><datafield ind1=" " ind2="7" tag="650"><subfield code="a">Spanish Americans.</subfield><subfield code="2">fast</subfield><subfield code="0">(OCoLC)fst01128227</subfield></datafield><datafield ind1=" " ind2="7" tag="651"><subfield code="a">Louisiana</subfield><subfield code="z">New Orleans.</subfield><subfield code="2">fast</subfield><subfield code="0">(OCoLC)fst01204311</subfield></datafield><datafield ind1=" " ind2="7" tag="655"><subfield code="a">Newspapers.</subfield><subfield code="2">fast</subfield><subfield code="0">(OCoLC)fst01423814</subfield></datafield><datafield ind1=" " ind2=" " tag="752"><subfield code="a">United States</subfield><subfield code="b">Louisiana</subfield><subfield code="c">Orleans</subfield><subfield code="d">New Orleans.</subfield></datafield><datafield ind1="0" ind2="0" tag="785"><subfield code="t">Bee (New Orleans, La. : 1830)</subfield><subfield code="w">(DLC)sn 83045806</subfield><subfield code="w">(OCoLC)9670770</subfield></datafield><datafield ind1="4" ind2="1" tag="856"><subfield code="u">http://infoweb.newsbank.com/?db=EANX&amp;s_browseRef=decades/11D76157EE68BA6B/all.xml</subfield></datafield><datafield ind1="1" ind2=" " tag="029"><subfield code="a">AU@</subfield><subfield code="b">000020294910</subfield></datafield></record>